%Hbb NLO
@article{Wiesemann:2014ioa,
      author         = "Wiesemann, M. and Frederix, R. and Frixione, S. and
                        Hirschi, V. and Maltoni, F. and Torrielli, P.",
      title          = "{Higgs production in association with bottom quarks}",
      journal        = "JHEP",
      volume         = "02",
      year           = "2015",
      pages          = "132",
      doi            = "10.1007/JHEP02(2015)132",
      eprint         = "1409.5301",
      archivePrefix  = "arXiv",
      primaryClass   = "hep-ph",
      reportNumber   = "CERN-PH-TH-2014-182, CP3-14-64, LPN14-114, MCNET-14-20,
                        ZU-TH-33-14",
      SLACcitation   = "%%CITATION = ARXIV:1409.5301;%%"
}

%HEFT History
@article{Wilczek:1977znHEFT,
      author         = "Wilczek, Frank",
      title          = "{Decays of Heavy Vector Mesons Into Higgs Particles}",
      journal        = "Phys. Rev. Lett.",
      volume         = "39",
      year           = "1977",
      pages          = "1304",
      doi            = "10.1103/PhysRevLett.39.1304",
      reportNumber   = "FERMILAB-PUB-77-080-THY, FERMILAB-PUB-77-080-T",
      SLACcitation   = "%%CITATION = PRLTA,39,1304;%%"
}
@article{Shifman:1978znHEFT,
      author         = "Shifman, Mikhail A. and Vainshtein, A. I. and Zakharov,
                        Valentin I.",
      title          = "{Remarks on Higgs Boson Interactions with Nucleons}",
      journal        = "Phys. Lett.",
      volume         = "B78",
      year           = "1978",
      pages          = "443-446",
      doi            = "10.1016/0370-2693(78)90481-1",
      reportNumber   = "ITEP-22-1978",
      SLACcitation   = "%%CITATION = PHLTA,B78,443;%%"
}
@article{Ellis:1979jyHEFT,
      author         = "Ellis, John R. and Gaillard, M. K. and Nanopoulos,
                        Dimitri V. and Sachrajda, Christopher T.",
      title          = "{Is the Mass of the Higgs Boson About 10-GeV?}",
      journal        = "Phys. Lett.",
      volume         = "B83",
      year           = "1979",
      pages          = "339-344",
      doi            = "10.1016/0370-2693(79)91122-5",
      reportNumber   = "CERN-TH-2634",
      SLACcitation   = "%%CITATION = PHLTA,B83,339;%%"
}
@article{Inami:1982xtHEFT,
      author         = "Inami, Takeo and Kubota, Takahiro and Okada, Yasuhiro",
      title          = "{Effective Gauge Theory and the Effect of Heavy Quarks in
                        Higgs Boson Decays}",
      journal        = "Z. Phys.",
      volume         = "C18",
      year           = "1983",
      pages          = "69",
      doi            = "10.1007/BF01571710",
      reportNumber   = "HEP 82/5",
      SLACcitation   = "%%CITATION = ZEPYA,C18,69;%%"
}
