%HEFT History
@article{Wilczek:1977znHEFT,
      author         = "Wilczek, Frank",
      title          = "{Decays of Heavy Vector Mesons Into Higgs Particles}",
      journal        = "Phys. Rev. Lett.",
      volume         = "39",
      year           = "1977",
      pages          = "1304",
      doi            = "10.1103/PhysRevLett.39.1304",
      reportNumber   = "FERMILAB-PUB-77-080-THY, FERMILAB-PUB-77-080-T",
      SLACcitation   = "%%CITATION = PRLTA,39,1304;%%"
}
